@misc{whoTB,
	key		= {WHO},
	title     = {Tuberculosis},
	url       = {http://www.who.int/mediacentre/factsheets/fs104/en},
	urldate 	= {June 23, 2016},
	Note 		= {Last checked: June 23, 2016},
	year = {2016},
	Month 		= {June},
}

@misc{p1TB,
	key		= {Pati\"ent1},
	title     = {Tuberculose behandeling en medicatie},
	url       = {https://www.patient1.nl/encyclopedie/tuberculose-behandeling-en-medicatie},
	urldate 	= {June 23, 2016},
	Note 		= {Last checked: June 23, 2016},
	year = {2016},
	Month 		= {June},
}

